@article{bardi2006calculus,
  title={The Calculus Wars: Newton},
  author={Bardi, Jason Socrates},
  journal={Leibniz, and the Greatest Mathematical Clash of All Time (Thunder Mouth, New York, 2006)},
  year={2006}
} 